@misc{wiki:astar,
	author = "Wikipedia",
	title = "{A*-Algorithmus -- Wikipedia, Die freie Enzyklop√§die}",
	year = "2010",
	url = "http://de.wikipedia.org/w/index.php?title=A*-Algorithmus&oldid=82762182",
	note = "Stand 18. Februar 2011"
}


@misc{kreissl,
	author = {Holger Kreissl},
	title = {{Rechnerarchitektur - Prinzipien und Architekturen}},
	howpublished = {http://www.kreissl.info/ra\_01.php},
%	month = {},
%	year = {},
	note = {\url{http://www.kreissl.info/ra_01.php}}
}
